@Article{othello,
	author = "Ted Landau",
	title = "{O}thello: {B}rief \& {B}asic",
	year = "1990"
}

@Article{alpha-beta,
	author = "Edwards and D,J and Hart and TP",
	title = "The {A}lpha-{B}eta {H}euristic",
	year = "1963"
}
@Misc{minimax,
	author = "baeldung",
    title = "Introduction to Minimax Algorithm",
    howpublished = "\url{http://www.baeldung.com/java-minimax-algorithm}",
    note="[access date january 2018]"
}


@Misc{sol6x6,
	author = "Joel Feinstein",
    title = "Perfect play in Othello from two alternative starting positions",
    howpublished = "\url{https://web.archive.org/web/20091101013931/http://www.feinst.demon.co.uk/Othello/6x6sol.html}",
    note="[archive date: NOV 01 2009]"
}

@Misc{strategie,
	author = "Fédération Française d'Othello",
    title = "Principes stratégiques",
    howpublished = "\url{http://www.ffothello.org/othello/principes-strategiques/}",
    note="[access date january 2018]"
}

@Misc{regle,
	author = "Le comptoir des jeux",
    title = "Règle du Reversi",
    howpublished = "\url{http://www.lecomptoirdesjeux.com/regle-reversi.htm}",
    note="[access date january 2018]"
}
@Misc{introbitboard,
	author = "Franck Zibi",
    title = "An Introduction to BITBOARDS",
    howpublished = "\url{ http://www.fzibi.com/cchess/bitboards.htm}",
    note="[access date january 2018]"
}

@Misc{arbre,
	author = "sensAgent",
    title = "Définition - Arbre (informatique)",
    howpublished = "\url{ http://dictionnaire.sensagent.leparisien.fr/Arbre%20(informatique)/fr-fr/}",
    note="[access date january 2018]"
}


@Article{heuristique,
author="Buro, Michael",
editor="Nakatsu, Ryohei,
and Hoshino, Junichi",
title="The Evolution of Strong Othello Programs",
bookTitle="Entertainment Computing: Technologies and Application",
year="2003",
publisher="Springer US",
address="Boston, MA",
pages="81--88",
isbn="978-0-387-35660-0",
doi="10.1007/978-0-387-35660-0_10",
url="https://doi.org/10.1007/978-0-387-35660-0_10"
}

@article{bitboard,
author = "Browne, Cameron",
year = "2014",
month = "06",
pages = "67--84",
title = "Bitboard Methods for Games",
volume = "37",
booktitle = "ICGA journal"
}